<record><leader>00000cas a22000007a 4500</leader><controlfield tag="001">13339106</controlfield><controlfield tag="008">860324d18921896iaudn ne      0    0eng d</controlfield><datafield ind1=" " ind2=" " tag="010"><subfield code="a">sn 86060028 </subfield></datafield><datafield ind1=" " ind2=" " tag="040"><subfield code="a">INP</subfield><subfield code="b">eng</subfield><subfield code="c">INP</subfield><subfield code="d">OCLCQ</subfield></datafield><datafield ind1=" " ind2=" " tag="042"><subfield code="a">msc</subfield></datafield><datafield ind1="0" ind2=" " tag="130"><subfield code="a">Burlington gazette (Burlington, Iowa : 1892)</subfield></datafield><datafield ind1="1" ind2="4" tag="245"><subfield code="a">The Burlington gazette.</subfield></datafield><datafield ind1="1" ind2="7" tag="246"><subfield code="a">Burlington daily gazette</subfield><subfield code="f">&lt;Jan. 30-Nov. 8, 1892&gt;</subfield></datafield><datafield ind1=" " ind2=" " tag="260"><subfield code="a">Burlington, Iowa :</subfield><subfield code="b">Thos. Stivers,</subfield><subfield code="c">1892-1896.</subfield></datafield><datafield ind1=" " ind2=" " tag="300"><subfield code="a">v. :</subfield><subfield code="b">ill.</subfield></datafield><datafield ind1=" " ind2=" " tag="310"><subfield code="a">Daily (except Sunday)</subfield></datafield><datafield ind1="0" ind2=" " tag="362"><subfield code="a">Jan. 11, 1892-Dec. 4, 1896.</subfield></datafield><datafield ind1=" " ind2=" " tag="752"><subfield code="a">United States</subfield><subfield code="b">Iowa</subfield><subfield code="c">Des Moines</subfield><subfield code="d">Burlington.</subfield></datafield><datafield ind1="0" ind2=" " tag="775"><subfield code="t">Burlington weekly gazette (Burlington, Iowa)</subfield><subfield code="w">(DLC)sn 86060033</subfield><subfield code="g">&lt;June 8, 1893-Sept. 19, 1895&gt;</subfield></datafield><datafield ind1="0" ind2="0" tag="780"><subfield code="t">Daily gazette (Burlington, Iowa)</subfield><subfield code="w">(DLC)sn 86060027</subfield></datafield><datafield ind1="0" ind2="0" tag="785"><subfield code="t">Evening gazette (Burlington, Iowa : 1896)</subfield><subfield code="w">(DLC)sn 86060029</subfield></datafield></record>